<collection xmlns="http://www.loc.gov/MARC21/slim">
<record>
  <leader>01149nam0a2200241 i 450 </leader>
  <controlfield tag="001">IT\ICCU\CNCE\075045</controlfield>
  <controlfield tag="005">20100210000000.0</controlfield>
  <datafield tag="012" ind1=" " ind2=" ">
    <subfield code="a">s,o. e,us umt. usdi (C) 1596 (R)</subfield>
    <subfield code="2">fei</subfield>
  </datafield>
  <datafield tag="100" ind1=" " ind2=" ">
    <subfield code="a">20100210d1596        0itac0103    ba</subfield>
  </datafield>
  <datafield tag="101" ind1=" " ind2=" ">
    <subfield code="a">LAT</subfield>
  </datafield>
  <datafield tag="102" ind1=" " ind2=" ">
    <subfield code="a">IT</subfield>
  </datafield>
  <datafield tag="200" ind1="1" ind2=" ">
    <subfield code="a">Panegyris Vincentii Robardi Hannonii in laudes illust. d.d. Aloysii Mussati iurisconsulti clariss</subfield>
  </datafield>
  <datafield tag="210" ind1=" " ind2=" ">
    <subfield code="a">Romae</subfield>
    <subfield code="c">apud Iacobum Lunam</subfield>
    <subfield code="d">1596</subfield>
    <subfield code="e">Romae</subfield>
    <subfield code="g">apud Iacobum Lunam</subfield>
    <subfield code="h">1596</subfield>
  </datafield>
  <datafield tag="215" ind1=" " ind2=" ">
    <subfield code="a">\4! c.</subfield>
    <subfield code="d">4ʻ</subfield>
  </datafield>
  <datafield tag="620" ind1=" " ind2=" ">
    <subfield code="a">IT</subfield>
    <subfield code="d">Roma</subfield>
  </datafield>
  <datafield tag="700" ind1=" " ind2="1">
    <subfield code="a">Robardus,</subfield>
    <subfield code="b">Vincentius</subfield>
    <subfield code="3">IT\ICCU\CNCA\007494</subfield>
  </datafield>
  <datafield tag="712" ind1="0" ind2="0">
    <subfield code="a">Luna, Giacomo</subfield>
    <subfield code="3">IT\ICCU\CNCT\000574</subfield>
    <subfield code="4">650</subfield>
  </datafield>
  <datafield tag="712" ind1="0" ind2="2">
    <subfield code="a">Tipografo non identificato</subfield>
    <subfield code="3">IT\ICCU\CNCT\003341</subfield>
    <subfield code="4">650</subfield>
  </datafield>
  <datafield tag="791" ind1="0" ind2="0">
    <subfield code="a">Luna, Iacobus</subfield>
    <subfield code="3">IT\ICCU\CNCT\004983</subfield>
    <subfield code="z">Luna, Giacomo</subfield>
  </datafield>
  <datafield tag="801" ind1=" " ind2="3">
    <subfield code="a">IT</subfield>
    <subfield code="b">ICCU</subfield>
    <subfield code="c">20201115</subfield>
  </datafield>
  <datafield tag="899" ind1=" " ind2=" ">
    <subfield code="a">Biblioteca civica. Padova</subfield>
    <subfield code="1">PD0090</subfield>
    <subfield code="2">PUV 55</subfield>
  </datafield>
  <datafield tag="911" ind1=" " ind2=" ">
    <subfield code="a">Sul front.</subfield>
    <subfield code="9">IT\ICCU\CNCM\001145</subfield>
  </datafield>
  <datafield tag="921" ind1=" " ind2=" ">
    <subfield code="a">IT\ICCU\CNCM\001145</subfield>
    <subfield code="b">Roma (donna seduta in costume guerriero con  una statuetta alata nella mano destra. Vicino una lupa allatta i gemelli.) In cornice ovale</subfield>
    <subfield code="e">Roma et Italia resurgens</subfield>
    <subfield code="c">U172</subfield>
    <subfield code="d">Dimensioni: 5 x 4. Con o senza motto</subfield>
    <subfield code="f">ROMA</subfield>
    <subfield code="f">GUERRIERA</subfield>
    <subfield code="f">LUPA</subfield>
    <subfield code="g">1571-1596</subfield>
  </datafield>
</record>
</collection>
